% Site

@MISC{menhir,
  title = {Menhir documentation},
  year = 2020,
  note = {"\url{http://gallium.inria.fr/~fpottier/menhir/manual.html}". Acedido em 10 de Janeiro de 2020}
}

@MISC{ocamllex,
  title = {Ocamllex documentation},
  year = 2020,
  note = {"\url{https://caml.inria.fr/pub/docs/manual-ocaml/lexyacc.html}". Acedido em 10 de Janeiro de 2020}
}

@MISC{slides,
  author = {Simão Sousa},
  title = {Processamento de Linguagens},
  institution = {Universidade da Beira Interior},
  howpublished = {Lecture Notes},
  year = {2019}
}

@book{compilers,
  place={Charlesbourg, Québec},
  title={Compilers: principles, techniques, & tools},
  publisher={Braille Jymico Inc.},
  author={Aho, Alfred V and Lam, Monica S and Sethi, Ravi and Ullman, Jeffrey D.},
  year={2015}
}
