@Article{signal2,
  author =       {Linux},
  title =        {http://man7.org/linux/man-pages/man2/signal.2.html},
  journal =      {Linux Programmer's Manual},
  year =         {2017},
  OPTkey =       {},
  OPTvolume =    {},
  OPTnumber =    {},
  OPTpages =     {},
  OPTmonth =     {},
  OPTnote =      {},
  OPTannote =    {}
}

@Article{enunciado,
  author =       {Paul Crocker},
  title =        {Enunciado do Projecto},
  journal =      {Universidade da Beira Interior : Sistemas Operativos},
  year =         {2018/2019},
  OPTkey =       {},
  OPTvolume =    {},
  OPTnumber =    {},
  OPTpages =     {},
  OPTmonth =     {},
  OPTnote =      {},
  OPTannote =    {}
}
@Article{chapter9,
  author =       {Paul Crocker},
  title =        {Programação com Posix Threads [Chapter 9]},
  journal =      {Universidade da Beira Interior : Sistemas Operativos},
  year =         {2018/2019},
  OPTkey =       {},
  OPTvolume =    {},
  OPTnumber =    {},
  OPTpages =     {},
  OPTmonth =     {},
  OPTnote =      {},
  OPTannote =    {}
}
@Article{chapter10,
  author =       {Paul Crocker},
  title =        {Ficheiros e Directorias [Chapter 10]},
  journal =      {Universidade da Beira Interior : Sistemas Operativos},
  year =         {2018/2019},
  OPTkey =       {},
  OPTvolume =    {},
  OPTnumber =    {},
  OPTpages =     {},
  OPTmonth =     {},
  OPTnote =      {},
  OPTannote =    {}
}
@Article{chapter11,
  author =       {Paul Crocker},
  title =        {Comunicação entre Processos (IPC - InterProcess Communication) [Chapter 11]},
  journal =      {Universidade da Beira Interior : Sistemas Operativos},
  year =         {2018/2019},
  OPTkey =       {},
  OPTvolume =    {},
  OPTnumber =    {},
  OPTpages =     {},
  OPTmonth =     {},
  OPTnote =      {},
  OPTannote =    {}
}
@Article{chapter12,
  author =       {Paul Crocker},
  title =        {Comunicação entre processos - 2ª Parte (IPC - InterProcess Communication) [Chapter 12]},
  journal =      {Universidade da Beira Interior : Sistemas Operativos},
  year =         {2018/2019},
  OPTkey =       {},
  OPTvolume =    {},
  OPTnumber =    {},
  OPTpages =     {},
  OPTmonth =     {},
  OPTnote =      {},
  OPTannote =    {}
}
@Article{chapter13,
  author =       {Paul Crocker},
  title =        {Sincronização, Deadlock, Starvation, Mutex Locks e Semaphores (Posix) [Chapter 13]},
  journal =      {Universidade da Beira Interior : Sistemas Operativos},
  year =         {2018/2019},
  OPTkey =       {},
  OPTvolume =    {},
  OPTnumber =    {},
  OPTpages =     {},
  OPTmonth =     {},
  OPTnote =      {},
  OPTannote =    {}
}